@article{Nguyen2025Water,
  author    = {Bay Nguyen Van and Anh Nguyen and Kiet Tran Trung and Thien Ho Huong and Ha Duong Thi Hong and Hau Nguyen Trung and Vinh Truong Hoang},
  title     = {Water Meter Reading Based on Text Recognition Techniques and Deep Learning},
  journal   = {IEEE Access},
  year      = {2025},
  doi       = {10.1109/ACCESS.2025.3547225}
}

@article{Khan2024LowCost,
  author    = {Farhan Khan and Sarmad Rafique and Gul Muhammad Khan},
  title     = {Low-Cost Smart Metering Using Deep Learning},
  journal   = {International Journal of Innovations in Science & Technology (IJIST)},
  year      = {2024},
  volume    = {Special Issue},
  pages     = {93--104},
  month     = {May},
  note      = {DOI no encontrado}
}

@article{Maheshwari2023Automatic,
  author    = {Unnati Maheshwari and Kundan Kumar Singh},
  title     = {Automatic Meter Detection and Recognition: A Robust Approach Based on Image Processing Techniques},
  journal   = {International Journal for Research in Applied Science and Engineering Technology (IJRASET)},
  year      = {2023},
  volume    = {11},
  number    = {VI},
  month     = {June},
  doi       = {10.22214/ijraset.2023.54438}
}

@article{Hong2021ImageBased,
  author    = {Qingqi Hong and Yiwei Ding and Jinpeng Lin and Meihong Wang and Qingyang Wei and Xianwei Wang and Ming Zeng},
  title     = {Image-Based Automatic Watermeter Reading under Challenging Environments},
  journal   = {Sensors},
  year      = {2021},
  volume    = {21},
  number    = {2},
  pages     = {434},
  doi       = {10.3390/s21020434}
}

@article{Liang2022Research,
  author    = {Yue Liang and Yiqi Liao and Shaobo Li and Wenjuan Wu and Taorong Qiu and Weiping Zhang},
  title     = {Research on water meter reading recognition based on deep learning},
  journal   = {Scientific Reports},
  year      = {2022},
  volume    = {12},
  number    = {1},
  pages     = {12861},
  doi       = {10.1038/s41598-022-17255-3}
}

@article{Peng2023Deep,
  author    = {Jianqing Peng and Wei Zhou and Yu Han and Mengtang Li and Wanquan Liu},
  title     = {Deep learning-based autonomous real-time digital meter reading recognition method for natural scenes},
  journal   = {Measurement},
  year      = {2023},
  volume    = {222},
  pages     = {113615},
  doi       = {10.1016/j.measurement.2023.113615}
}

@article{Salomon2022ImageBased,
  author    = {Gabriel Salomon and Rayson Laroca and David Menotti},
  title     = {Image-Based Automatic Dial Meter Reading in Unconstrained Scenarios},
  journal   = {Measurement},
  year      = {2022},
  doi       = {10.1016/j.measurement.2022.112025},
  note      = {También disponible como preimpresión de arXiv arXiv:2201.02850}
}

@article{Carvalho2023Deep,
  author    = {Rafaela Carvalho and Jorge Melo and Ricardo Graça and Gonçalo Santos and Maria João M. Vasconcelos},
  title     = {Deep Learning-Powered System for Real-Time Digital Meter Reading on Edge Devices},
  journal   = {Applied Sciences},
  year      = {2023},
  volume    = {13},
  number    = {4},
  pages     = {2315},
  doi       = {10.3390/app13042315}
}

@article{Laroca2021Towards,
  author    = {Rayson Laroca and Alessandra B. Araujo and Luiz A. Zanlorensi and Eduardo C. De Almeida and David Menotti},
  title     = {Towards Image-Based Automatic Meter Reading in Unconstrained Scenarios: A Robust and Efficient Approach},
  journal   = {IEEE Access},
  year      = {2021},
  volume    = {9},
  pages     = {67569--67584},
  doi       = {10.1109/ACCESS.2021.3077415}
}

@article{Chaki2019Automation,
  author    = {Sudipto Chaki and Dipu Akter Shila and Nafsin Jahan},
  title     = {Automation of water meter billing process based on digital image processing approach},
  journal   = {Journal of Advances in Technology and Engineering Research},
  year      = {2019},
  volume    = {5},
  number    = {5},
  pages     = {207--218},
  doi       = {10.20474/jater-5.5.3}
}

@article{Santiago2020Deployment,
  author    = {Gaubert V. Santiago and Alberto J. Alvares},
  title     = {Deployment framework for the Internet of water meters using computer vision on ARM platform},
  journal   = {Journal of Ambient Intelligence and Smart Environments},
  year      = {2020},
  volume    = {12},
  pages     = {35--60},
  doi       = {10.3233/AIS-200544}
}

@article{Ktari2022Lightweight,
  author    = {Jalel Ktari and Tarek Frikha and Monia Hamdi and Hela Elmannai and Habib Hmam},
  title     = {Lightweight AI Framework for Industry 4.0 Case Study: Water Meter Recognition},
  journal   = {Big Data and Cognitive Computing},
  year      = {2022},
  volume    = {6},
  number    = {3},
  pages     = {72},
  doi       = {10.3390/bdcc6030072}
}

@inproceedings{Kainz2021Measurement,
  author    = {Ondrej Kainz and Rastislav Petija and Miroslav Michalko and Frantisek Jakab and Matus Dujava},
  title     = {Measurement of Water Consumption based on Image Processing},
  booktitle = {2021 IEEE 19th World Symposium on Applied Machine Intelligence and Informatics (SAMI)},
  year      = {2021},
  month     = {January},
  doi       = {10.1109/SAMI50585.2021.9378611}
}

@article{Sripanuskul2022Generative,
  author    = {Nuntida Sripanuskul and Prawit Buayai and Xiaoyang Mao},
  title     = {Generative Data Augmentation for Automatic Meter Reading Using CNNs},
  journal   = {IEEE Access},
  year      = {2022},
  volume    = {10},
  pages     = {28471--28486},
  doi       = {10.1109/ACCESS.2022.3157706}
}

@article{RoaGarcia2019,
  author    = {Roa-Garc{\'\i}a, M. Carolina and Brown, Sally and Urquijo, Julia},
  title     = {Water Governance in Latin America: A Look at the Water-Energy-Food Nexus},
  journal   = {Water},
  year      = {2019},
  volume    = {11},
  number    = {1},
  pages     = {131},
  doi       = {10.3390/w11010131},
  publisher = {MDPI}
}

@article{Toma2020,
  author    = {Toma, Corina and M{\'a}rquez, Wilson and Pumisacho, V{\'i}ctor and Ald{\'a}s, Mayra and M{\'a}rquez, Marco},
  title     = {Factors Affecting the Sustainability of Rural Drinking Water Services in the Andean Region of Ecuador},
  journal   = {Sustainability},
  year      = {2020},
  volume    = {12},
  number    = {23},
  pages     = {9964},
  doi       = {10.3390/su12239964},
  publisher = {MDPI}
}

@misc{NacionesUnidas2015,
  author    = {{Naciones Unidas}},
  title     = {Transformar nuestro mundo: la Agenda 2030 para el Desarrollo Sostenible},
  year      = {2015},
  url       = {https://sdgs.un.org/2030agenda},
  note      = {Resolución aprobada por la Asamblea General el 25 de septiembre de 2015. Consultado el 16 de junio de 2025}
}
@techreport{ANC2025,
  author      = {{Agencia de Cooperaci\'{o}n Internacional del Jap\'{o}n (JICA)}},
  title       = {Agua No Contabilizada: Documento T\'{e}cnico 2025},
  institution = {JICA},
  year        = {2025},
  note        = {Documento de trabajo sobre la gesti\'{o}n de p\'{e}rdidas de agua en Ecuador}
}
@article{Fieldeke2021,
  author    = {Fieldeke, Isabelle C. and Schraven, Arijana and Jensen, Casper B.},
  title     = {Barriers to the Digital Transformation of Rural Water Services in Sub-Saharan Africa},
  journal   = {Water},
  year      = {2021},
  volume    = {13},
  number    = {16},
  pages     = {2273},
  doi       = {10.3390/w13162273},
  publisher = {MDPI}
}
@article{Carvalho2023,
  author    = {Carvalho, Ricardo and Melo, Jo\~{a}o and Gra\c{c}a, Rui and Santos, Gabriel and Vasconcelos, M. J. M.},
  title     = {Deep learning-powered system for real-time digital meter reading on edge devices},
  journal   = {Applied Sciences},
  year      = {2023},
  volume    = {13},
  number    = {4},
  pages     = {2315},
  doi       = {10.3390/app13042315},
  publisher = {MDPI}
}